%% This BibTeX bibliography file was created using BibDesk.
%---------------------------------------------------------------------------------

@ARTICLE{vanderburg14,
   author = {{Vanderburg}, A. and {Johnson}, J.~A.},
    title = "{A Technique for Extracting Highly Precise Photometry for the Two-Wheeled Kepler Mission}",
  journal = {Publications of the Astronomical Society of the Pacific},
archivePrefix = "arXiv",
   eprint = {1408.3853},
 primaryClass = "astro-ph.IM",
 keywords = {Data Analysis and Techniques},
     year = 2014,
    month = nov,
   volume = 126,
    pages = {948-958},
      doi = {10.1086/678764},
   adsurl = {http://adsabs.harvard.edu/abs/2014PASP..126..948V},
  adsnote = {Provided by the SAO/NASA Astrophysics Data System}
}

@ARTICLE{smith2012,
   author = {{Smith}, J.~C. and {Stumpe}, M.~C. and {Van Cleve}, J.~E. and
	{Jenkins}, J.~M. and {Barclay}, T.~S. and {Fanelli}, M.~N. and
	{Girouard}, F.~R. and {Kolodziejczak}, J.~J. and {McCauliff}, S.~D. and
	{Morris}, R.~L. and {Twicken}, J.~D.},
    title = "{Kepler Presearch Data Conditioning II - A Bayesian Approach to Systematic Error Correction}",
  journal = {\pasp},
archivePrefix = "arXiv",
   eprint = {1203.1383},
 primaryClass = "astro-ph.IM",
     year = 2012,
    month = sep,
   volume = 124,
    pages = {1000},
      doi = {10.1086/667697},
   adsurl = {http://adsabs.harvard.edu/abs/2012PASP..124.1000S},
  adsnote = {Provided by the SAO/NASA Astrophysics Data System}
}


@BOOK{ivezi2014,
   author = {{Ivezi{\'c}}, {\v Z}. and {Connelly}, A.~J. and {VanderPlas}, J.~T. and
	{Gray}, A.},
    title = "{Statistics, Data Mining, and Machine Learning in Astronomy}",
    booktitle = {Statistics, Data Mining, and Machine Learning in Astronomy,
                 by Z.~Ivenci{\'c} et al.~Princeton, NJ: Princeton University Press, 2014},
     year = 2014,
   adsurl = {http://adsabs.harvard.edu/abs/2014sdmm.book.....I},
  adsnote = {Provided by the SAO/NASA Astrophysics Data System}
}

@INPROCEEDINGS{heasley1999,
   author = {{Heasley}, J.~N.},
    title = "{Point-Spread Function Fitting Photometry}",
booktitle = {Precision CCD Photometry},
     year = 1999,
   series = {Astronomical Society of the Pacific Conference Series},
   volume = 189,
   editor = {{Craine}, E.~R. and {Crawford}, D.~L. and {Tucker}, R.~A.},
    pages = {56},
   adsurl = {http://adsabs.harvard.edu/abs/1999ASPC..189...56H},
  adsnote = {Provided by the SAO/NASA Astrophysics Data System}
}

@ARTICLE{stetson1987,
   author = {{Stetson}, P.~B.},
    title = "{DAOPHOT - A computer program for crowded-field stellar photometry}",
  journal = {\pasp},
 keywords = {Algorithms, Astronomical Photometry, Computer Programs, Charge Coupled Devices, Color-Magnitude Diagram, Magellanic Clouds, Point Spread Functions, Television Cameras},
     year = 1987,
    month = mar,
   volume = 99,
    pages = {191-222},
      doi = {10.1086/131977},
   adsurl = {http://adsabs.harvard.edu/abs/1987PASP...99..191S},
  adsnote = {Provided by the SAO/NASA Astrophysics Data System}
}

@ARTICLE{libralato2016,
   author = {{Libralato}, M. and {Bedin}, L.~R. and {Nardiello}, D. and {Piotto}, G.
	},
    title = "{A PSF-based approach to Kepler/K2 data - I. Variability within the K2 Campaign 0 star clusters M 35 and NGC 2158}",
  journal = {\mnras},
archivePrefix = "arXiv",
   eprint = {1510.09180},
 primaryClass = "astro-ph.SR",
 keywords = {techniques: image processing, techniques: photometric, binaries: general, stars: variables: general, open clusters and associations: individual: M 35, open clusters and associations: individual: NGC 2158},
     year = 2016,
    month = feb,
   volume = 456,
    pages = {1137-1162},
      doi = {10.1093/mnras/stv2628},
   adsurl = {http://adsabs.harvard.edu/abs/2016MNRAS.456.1137L},
  adsnote = {Provided by the SAO/NASA Astrophysics Data System}
}

@ARTICLE{angelo2017,
   author = {{Angelo}, I. and {Rowe}, J.~F. and {Howell}, S.~B. and {Quintana}, E.~V. and
	{Still}, M. and {Mann}, A.~W. and {Burningham}, B. and {Barclay}, T. and
	{Ciardi}, D.~R. and {Huber}, D. and {Kane}, S.~R.},
    title = "{Kepler-1649b: An Exo-Venus in the Solar Neighborhood}",
  journal = {\aj},
archivePrefix = "arXiv",
   eprint = {1704.03136},
 primaryClass = "astro-ph.EP",
 keywords = {planets and satellites: terrestrial planets},
     year = 2017,
    month = apr,
   volume = 153,
      eid = {162},
    pages = {162},
      doi = {10.3847/1538-3881/aa615f},
   adsurl = {http://adsabs.harvard.edu/abs/2017AJ....153..162A},
  adsnote = {Provided by the SAO/NASA Astrophysics Data System}
}
